<?xml version="1.0" encoding="UTF-8"?><collection xmlns="http://www.loc.gov/MARC21/slim"><record><leader>00611nam--2200193-u-4500</leader><controlfield tag="001">000053466</controlfield><controlfield tag="002">20161230</controlfield><controlfield tag="005">20161230201051</controlfield><controlfield tag="008">110406s1000------------r-----000-0-rum-d</controlfield><datafield ind1=" " ind2=" " tag="040"><subfield code="a">IFIN-HH</subfield></datafield><datafield ind1=" " ind2=" " tag="041"><subfield code="a">rum</subfield></datafield><datafield ind1=" " ind2=" " tag="080"><subfield code="a">546.212.02(043)</subfield></datafield><datafield ind1="1" ind2=" " tag="100"><subfield code="a">Stefanescu, Ioan</subfield></datafield><datafield ind1="1" ind2=" " tag="245"><subfield code="a">Contributii asupra comportarii procesului de schimb izotopic apa-hidrogen sulfurat in tehnologia de separare a apei grele</subfield><subfield code="b">Teza</subfield><subfield code="c">Ioan stefanescu</subfield></datafield><datafield ind1=" " ind2=" " tag="260"><subfield code="a">Bucuresti</subfield><subfield code="b">Ifa</subfield><subfield code="c">1998</subfield></datafield><datafield ind1=" " ind2=" " tag="300"><subfield code="a">154P. + anexa</subfield></datafield><datafield ind1=" " ind2=" " tag="502"><subfield code="a">Conducator Stiintific: Acad. Marius Peculea</subfield></datafield><datafield ind1=" " ind2=" " tag="852"><subfield code="a">80959</subfield><subfield code="c">546</subfield></datafield><datafield ind1=" " ind2=" " tag="CAT"><subfield code="a">Sys</subfield><subfield code="c">20110406</subfield><subfield code="h">143501</subfield></datafield></record></collection>